% bibliography for the "User manual"

@article{willem2015,
  title={{Optimizing agent-based transmission models for infectious diseases.}},
  author={Willem, Lander and Stijven, Sean and Tijskens, Engelbert and  Beutels, Philippe and Hens, Niel and Broeckhove, Jan},
  journal={BMC Bioinformatics},
  volume={16},
  pages={183},
  year={2015}
}

@article{chao2010,
  title={Flu\uppercase{TE}, a publicly available stochastic influenza epidemic simulation model},
  author={Chao, Dennis L and Halloran, M Elizabeth and Obenchain, Valerie J and Longini Jr, Ira M},
  journal={PLoS Comp Biol},
  volume={6},
  number={1},
  pages={e1000656},
  year={2010},
  publisher={Public Library of Science}
}

@article{grefenstette2013,
  title={\uppercase{FRED} (\uppercase{A F}ramework for \uppercase{R}econstructing \uppercase{E}pidemic \uppercase{D}ynamics): an open-source software system for modeling infectious diseases and control strategies using census-based populations},
  author={Grefenstette, John J and Brown, Shawn T and Rosenfeld, Roni and DePasse, Jay and Stone, Nathan TB and Cooley, Phillip C and Wheaton, William D and Fyshe, Alona and Galloway, David D and Sriram, Anuroop and Guclu, Hassan and Abraham, Thomas and Burke, Donald S},
  journal={BMC public health},
  volume={13},
  number={1},
  pages={940},
  year={2013},
  publisher={BioMed Central Ltd}
}

% synth pop
@article{wheaton2014a,
  title={2010 \uppercase{RTI} \uppercase{U.S.} Synthetic Population Ver. 1.0},
  author={\uppercase{RTI} International},
  journal={Downloaded from internet URL: http://www.epimodels.org/midas/pubsyntdata1.do},
  year={2014}
}

% synth pop
@article{wheaton2014b,
  title={2010 \uppercase{U.S.} Synthetic Population Quick Start Guide. \uppercase{RTI} International},
  author={Wheaton, WD},
  journal={Retrieved from http://www.epimodels.org/midasdocs/SynthPop/2010\_synth\_pop\_ver1\_quickstart.pdf},
  year={2014}
}