@article{KUYLEN20172438,
title = "Social Contact Patterns in an Individual-based Simulator for the Transmission of Infectious Diseases (Stride)",
journal = "Procedia Computer Science",
volume = "108",
pages = "2438 - 2442",
year = "2017",
note = "International Conference on Computational Science, ICCS 2017, 12-14 June 2017, Zurich, Switzerland",
issn = "1877-0509",
doi = "https://doi.org/10.1016/j.procs.2017.05.086",
url = "http://www.sciencedirect.com/science/article/pii/S1877050917306269",
author = "Elise Kuylen and Sean Stijven and Jan Broeckhove and Lander Willem",
keywords = "individual-based, modeling, simulation, infectious diseases, social mixing patterns"
}
@article{bauke2015tina,
  title={Tinaâ€™s Random Number Generator Library},
  author={Bauke, Heiko},
  year={2015}
}